@article{BufferStockTheory,
  author =        {Christopher D. Carroll},
  journal =       {Quantitative Economics},
  title =         {Theoretical Foundations of Buffer Stock Saving},
  year =          {2020 (Forthcoming)},
  url =           {https://llorracc.github.io/BufferStockTheory},
  doi =           {}
}
